/Users/joshrosen/Documents/Bibliographies/Aggregation.bib